<?xml version="1.0" encoding="UTF-8" ?><marc:collection xmlns:marc="http://www.loc.gov/MARC21/slim" xmlns:xsi="http://www.w3.org/2001/XMLSchema-instance" xsi:schemaLocation="http://www.loc.gov/MARC21/slim http://www.loc.gov/standards/marcxml/schema/MARC21slim.xsd">
<marc:record><marc:leader>02680cam a22004331i 4500</marc:leader>
<marc:controlfield tag="001">b14013186</marc:controlfield>
<marc:controlfield tag="003">UaCaAUL</marc:controlfield><marc:controlfield tag="005">20170313095121.0</marc:controlfield><marc:controlfield tag="008">870428s1945    ua       b    000 0 ara  </marc:controlfield><marc:datafield tag="010" ind1=" " ind2=" "><marc:subfield code="a">ne 68002458</marc:subfield></marc:datafield><marc:datafield tag="035" ind1=" " ind2=" "><marc:subfield code="a">(OCoLC)15605082</marc:subfield></marc:datafield><marc:datafield tag="040" ind1=" " ind2=" "><marc:subfield code="a">DLC</marc:subfield><marc:subfield code="b">eng</marc:subfield><marc:subfield code="e">rda</marc:subfield><marc:subfield code="c">IUL</marc:subfield><marc:subfield code="d">DLC</marc:subfield><marc:subfield code="d">OCLCA</marc:subfield><marc:subfield code="d">OCLCF</marc:subfield><marc:subfield code="d">OCLCO</marc:subfield><marc:subfield code="d">OCLCQ</marc:subfield><marc:subfield code="d">MEAUC</marc:subfield></marc:datafield><marc:datafield tag="049" ind1=" " ind2=" "><marc:subfield code="a">MAIN</marc:subfield></marc:datafield><marc:datafield tag="050" ind1="0" ind2="0"><marc:subfield code="a">BP80.F28</marc:subfield><marc:subfield code="b">A8</marc:subfield></marc:datafield><marc:datafield tag="066" ind1=" " ind2=" "><marc:subfield code="c">(3</marc:subfield></marc:datafield><marc:datafield tag="090" ind1=" " ind2=" "><marc:subfield code="a">BP80.F28</marc:subfield><marc:subfield code="b">A8 1945</marc:subfield></marc:datafield><marc:datafield tag="100" ind1="1" ind2=" "><marc:subfield code="6">880-01</marc:subfield><marc:subfield code="a">ʻAzzām, ʻAbd al-Wahhāb,</marc:subfield><marc:subfield code="e">author.</marc:subfield></marc:datafield><marc:datafield tag="245" ind1="1" ind2="3"><marc:subfield code="6">880-02</marc:subfield><marc:subfield code="a">al-Taṣawwuf wa-Farīd al-Dīn al-ʻAṭṭār /</marc:subfield><marc:subfield code="c">taʼlīf al-duktūr ʻAbd al-Wahhāb ʻAzzām ʻamīd Kullīyat al-Ādāb bi-Jāmiʻat Fuʼād al-Awwal.</marc:subfield></marc:datafield><marc:datafield tag="264" ind1=" " ind2="1"><marc:subfield code="6">880-03</marc:subfield><marc:subfield code="a">[Cairo] :</marc:subfield><marc:subfield code="b">Multazimū al-ṭabʻ wa-al-nashr aṣḥāb Dār Iḥyāʼ al-Kutub al-ʻArabīyah ʻĪsá al-Bābī al-Ḥalabī wa-Shurakāh,</marc:subfield><marc:subfield code="c">1364 H, 1945 M.</marc:subfield></marc:datafield><marc:datafield tag="300" ind1=" " ind2=" "><marc:subfield code="a">129 pages ;</marc:subfield><marc:subfield code="c">22 cm.</marc:subfield></marc:datafield><marc:datafield tag="336" ind1=" " ind2=" "><marc:subfield code="a">text</marc:subfield><marc:subfield code="b">txt</marc:subfield><marc:subfield code="2">rdacontent.</marc:subfield></marc:datafield><marc:datafield tag="337" ind1=" " ind2=" "><marc:subfield code="a">unmediated</marc:subfield><marc:subfield code="b">n</marc:subfield><marc:subfield code="2">rdamedia.</marc:subfield></marc:datafield><marc:datafield tag="338" ind1=" " ind2=" "><marc:subfield code="a">volume</marc:subfield><marc:subfield code="b">nc</marc:subfield><marc:subfield code="2">rdacarrier.</marc:subfield></marc:datafield><marc:datafield tag="490" ind1="1" ind2=" "><marc:subfield code="6">880-04</marc:subfield><marc:subfield code="a">Muʼallafāt al-Jamʻīyah al-Falsafīyah al-Miṣrīyah ;</marc:subfield><marc:subfield code="v">6.</marc:subfield></marc:datafield><marc:datafield tag="500" ind1=" " ind2=" "><marc:subfield code="6">880-05</marc:subfield><marc:subfield code="a">At head of title: Muʼallafāt al-Jamʻīyah al-Falsafīyah al-Miṣrīyah yushrif ʻalá iṣdārihā: al-duktūr ʻAlī ʻAbd al-Wāḥid Wāfī raʼīs al-jamʻīyah wa-al-duktūr ʻUthmān Amīn skirtīruhā al-ām.</marc:subfield></marc:datafield><marc:datafield tag="504" ind1=" " ind2=" "><marc:subfield code="a">Includes bibliographical references.</marc:subfield></marc:datafield><marc:datafield tag="600" ind1="1" ind2="0"><marc:subfield code="a">ʻAṭṭār, Farīd al-Dīn,</marc:subfield><marc:subfield code="d">-approximately 1230.</marc:subfield></marc:datafield><marc:datafield tag="650" ind1=" " ind2="0"><marc:subfield code="a">Sufism.</marc:subfield></marc:datafield><marc:datafield tag="830" ind1=" " ind2="0"><marc:subfield code="6">880-06</marc:subfield><marc:subfield code="a">Muʼallafāt al-Jamʻīyah al-Falsafīyah al-Miṣrīyah ;</marc:subfield><marc:subfield code="v">6.</marc:subfield></marc:datafield><marc:datafield tag="880" ind1="1" ind2=" "><marc:subfield code="6">100-01/(3/r</marc:subfield><marc:subfield code="a">عزام، عبد الوهاب،‪</marc:subfield><marc:subfield code="e">author.</marc:subfield></marc:datafield><marc:datafield tag="880" ind1="1" ind2="2"><marc:subfield code="6">245-02/(3/r</marc:subfield><marc:subfield code="a">التصوف وفريد الدين العطار /‪</marc:subfield><marc:subfield code="c">تأليف الدكتور عبد الوهاب عزام عميد كلية الآداب بجامعة فؤاد الأول..</marc:subfield></marc:datafield><marc:datafield tag="880" ind1=" " ind2="1"><marc:subfield code="6">264-03/(3/r</marc:subfield><marc:subfield code="a">[Cairo] :</marc:subfield><marc:subfield code="b">ملتزموا الطبع والنشر أصحاب دار إحياء الكتب العربية عيسى البابي الحلبي وشركاه،‪</marc:subfield><marc:subfield code="c">1364 ه، 1945 م..</marc:subfield></marc:datafield><marc:datafield tag="880" ind1="1" ind2=" "><marc:subfield code="6">490-04/(3/r</marc:subfield><marc:subfield code="a">مؤلفات الجمعية الفلسفية المصرية ؛‪</marc:subfield><marc:subfield code="v">6.</marc:subfield></marc:datafield><marc:datafield tag="880" ind1=" " ind2=" "><marc:subfield code="6">500-05/(3/r</marc:subfield><marc:subfield code="a">At head of title:مؤلفات الجمعية الفلسفية المصرية يشرف على إصدارها: الدكتور علي عبد الواحد وافي رئيس الجمعية والدكتور عثمان أمين سكرتيرها العام..</marc:subfield></marc:datafield><marc:datafield tag="880" ind1=" " ind2="0"><marc:subfield code="6">830-06/(3/r</marc:subfield><marc:subfield code="a">مؤلفات الجمعية الفلسفية المصرية ؛‪</marc:subfield><marc:subfield code="v">6.</marc:subfield></marc:datafield><marc:datafield tag="907" ind1=" " ind2=" "><marc:subfield code="a">.b14013186</marc:subfield><marc:subfield code="b">main </marc:subfield></marc:datafield><marc:datafield tag="902" ind1=" " ind2=" "><marc:subfield code="a">170427</marc:subfield></marc:datafield><marc:datafield tag="998" ind1=" " ind2=" "><marc:subfield code="b">1</marc:subfield><marc:subfield code="c">071008</marc:subfield><marc:subfield code="d">m</marc:subfield><marc:subfield code="e">a</marc:subfield><marc:subfield code="f">-</marc:subfield><marc:subfield code="g">3</marc:subfield><marc:subfield code="k">TA</marc:subfield></marc:datafield><marc:datafield tag="945" ind1=" " ind2=" "><marc:subfield code="l">main </marc:subfield></marc:datafield></marc:record>
</marc:collection>
